<?xml version="1.0" encoding="UTF-8"?><collection xmlns="http://www.loc.gov/MARC21/slim"><record><leader>00439nam--2200169-i-4500</leader><controlfield tag="001">000031300</controlfield><controlfield tag="002">20161230</controlfield><controlfield tag="005">20161230201038</controlfield><controlfield tag="008">060222s1000------------r-----000-0-eng-d</controlfield><datafield ind1=" " ind2=" " tag="100"><subfield code="a">Schroder, Johann</subfield></datafield><datafield ind1=" " ind2=" " tag="245"><subfield code="a">Operator inequalities</subfield></datafield><datafield ind1=" " ind2=" " tag="260"><subfield code="a">London, Academic Press, 1979</subfield></datafield><datafield ind1=" " ind2=" " tag="300"><subfield code="a">367 P</subfield></datafield><datafield ind1=" " ind2=" " tag="490"><subfield code="a">Mathematics In Science And Engineering</subfield><subfield code="v">Vol.147</subfield></datafield><datafield ind1=" " ind2=" " tag="700"><subfield code="a">Schroder, J</subfield></datafield><datafield ind1=" " ind2=" " tag="852"><subfield code="a">17315</subfield></datafield><datafield ind1=" " ind2=" " tag="CAT"><subfield code="a">Sys</subfield><subfield code="c">20080407</subfield><subfield code="h">092527</subfield></datafield></record></collection>